@book{Besse,
author = "A. Besse",
title = "Einstein manifolds",
publisher = "Springer-Verlag",
year = "1966"}
 
@book{ACbook,
author = "A. Connes",
title = "Noncommutative geometry",
publisher = "Academic Press",
year = "1994"}

@book{Husemoller,
author = "D. Husemoller",
title = "Fiber bundles",
publisher = "Springer-Verlag",
year = "1966"}

@book{Kobayashi-Nomizu,
author = "S. Kobayashi and K. Nomizu",
title = "Foundations of differential geometry, VolI/III",
publisher = "Interscience",
year = "1963"}

@book{MTW,
author = "C.W.Misner and K.S.Thorne and J.A. Wheeler",
title = "Gravitation",
publisher = "Freeman",
year = "1973"} 

@book{Spivak,
author = "Spivak",
title = "Differential Geometry",
publisher = "Publish or Perish",
year = "1979"} 

@book{RC-AJ,
author = "R. Coquereaux and A. Jadczyk",
title = "Fiber bundles, Kaluza Klein theories and all that",
publisher = "World Scientific",
year = "1988"} 
 
@article{MDV-PM,
author= "M. Dubois-Violette and P. Michor",
title = "A common generalization of the {F}rolicher-{N}ijenhuis bracket and the {S}chouten bracket",
journal = "Preprint LPTHE-Orsay 94/05, ESI 70",
year = "1994"}
 
@article{MDV-cras,
author= "M. Dubois-Violette",
title = "Derivations et calcul differ\'erentiel non commutatif", 
journal = "C.R. Acad. Sci. Paris 307, Ser. I, 403-408",
year = "1988"}

@article{MDVKernerMadore,
author= "M. Dubois-Violette, R. Kerner and J. Madore",
title = "Classical bosons in a non-commutative geometry", 
journal = "Class. Quant. Grav. 6,  1709",
year = "1989"}

@article{ConnesIHES,
author= "A. Connes",
title = "Noncommutative differential geometry", 
journal = "Publ. Math. IHES 62",
year = "1985"}

@article{CEV,
author= "R. Coquereaux, G. Esposito Farese and  G. Vaillant",
title = "Higgs fields as Yang Mills fields and discrete symmetries", 
journal = "Nucl. Phys. B 353, 689-706",
year = "1991"}

@article{CHS,
author= "R. Coquereaux, R. Haussling and  F. Scheck",
title = "Algebraic connections on parallel universes",
journal= "Int J. Mod. Phys. A, vol. 10, PP 89-98",
year = "1995"}
		  